<record><leader>00000cas a2200000 a 4500</leader><controlfield tag="001">9541420</controlfield><controlfield tag="007">hd afv---baca</controlfield><controlfield tag="007">hd bfv---baaa</controlfield><controlfield tag="008">830524d18341840mduwr nea     0    0eng c</controlfield><datafield ind1=" " ind2=" " tag="010"><subfield code="a">   00221275 </subfield></datafield><datafield ind1=" " ind2=" " tag="040"><subfield code="a">BHA</subfield><subfield code="b">eng</subfield><subfield code="c">BHA</subfield><subfield code="d">ATL</subfield><subfield code="d">OCLCQ</subfield><subfield code="d">OCLCF</subfield><subfield code="d">OCLCO</subfield><subfield code="d">OCLCQ</subfield></datafield><datafield ind1=" " ind2=" " tag="042"><subfield code="a">pcc</subfield></datafield><datafield ind1="1" ind2="4" tag="050"><subfield code="a">BX8001</subfield></datafield><datafield ind1="0" ind2="0" tag="245"><subfield code="a">Lutheran observer and weekly religious and literary visiter.</subfield></datafield><datafield ind1="1" ind2="7" tag="246"><subfield code="a">Lutheran observer</subfield><subfield code="f">May 9, 1834-Dec. 29, 1837</subfield></datafield><datafield ind1="1" ind2="3" tag="246"><subfield code="a">Observer</subfield></datafield><datafield ind1=" " ind2=" " tag="260"><subfield code="a">Baltimore :</subfield><subfield code="b">Benjamin Kurtz,</subfield><subfield code="c">1834-1840.</subfield></datafield><datafield ind1=" " ind2=" " tag="300"><subfield code="a">7 volumes</subfield></datafield><datafield ind1=" " ind2=" " tag="310"><subfield code="a">Weekly</subfield></datafield><datafield ind1=" " ind2=" " tag="336"><subfield code="a">text</subfield><subfield code="b">txt</subfield><subfield code="2">rdacontent</subfield></datafield><datafield ind1=" " ind2=" " tag="337"><subfield code="a">microform</subfield><subfield code="b">h</subfield><subfield code="2">rdamedia</subfield></datafield><datafield ind1=" " ind2=" " tag="338"><subfield code="a">microfilm reel</subfield><subfield code="b">hd</subfield><subfield code="2">rdacarrier</subfield></datafield><datafield ind1="0" ind2=" " tag="362"><subfield code="a">New ser., v. 1, no. 37 (May 9, 1834)-new ser., v. 7, no. 26 (Feb. 14, 1840).</subfield></datafield><datafield ind1=" " ind2=" " tag="500"><subfield code="a">Title from caption.</subfield></datafield><datafield ind1=" " ind2=" " tag="515"><subfield code="a">Vols. for &lt;Sept. 1, 1837&gt;-Feb. 14, 1840 called also whole no. &lt;210&gt;-whole no. 337.</subfield></datafield><datafield ind1=" " ind2=" " tag="533"><subfield code="a">Microfilm.</subfield><subfield code="m">n.s., v.1-7 (1834-1840):[Lacks:v.1:no. 38,43,47;v.2:no. 22,33;v.3:no. 45;v.4:no. 16,37-38,52;v.5:no. 1,38:p.1;v.7:no. 22]</subfield><subfield code="b">Evanston, Ill. :</subfield><subfield code="c">American Theological Library Association,</subfield><subfield code="d">1965.</subfield><subfield code="e">2 microfilm reels ; 35 mm.</subfield><subfield code="f">(ATLA serials preservation program ; ATLA film S0088D).</subfield><subfield code="n">Reel 1 includes some issues of earlier title and reel 2 includes some issues of later title.</subfield></datafield><datafield ind1=" " ind2="0" tag="650"><subfield code="a">Lutheran Church</subfield><subfield code="v">Newspapers.</subfield></datafield><datafield ind1=" " ind2="7" tag="650"><subfield code="a">Lutheran Church.</subfield><subfield code="2">fast</subfield><subfield code="0">(OCoLC)fst01003996</subfield></datafield><datafield ind1=" " ind2="7" tag="655"><subfield code="a">Newspapers.</subfield><subfield code="2">fast</subfield><subfield code="0">(OCoLC)fst01423814</subfield></datafield><datafield ind1="1" ind2=" " tag="776"><subfield code="c">Original</subfield><subfield code="w">(DLC)sn 93060368</subfield><subfield code="w">(OCoLC)7639375</subfield></datafield><datafield ind1="0" ind2="0" tag="780"><subfield code="t">Lutheran observer and weekly literary and religious visiter</subfield><subfield code="w">(DLC)   00221274</subfield><subfield code="w">(OCoLC)9541625</subfield></datafield><datafield ind1="0" ind2="0" tag="785"><subfield code="t">Lutheran observer (Baltimore, Md. : 1840)</subfield><subfield code="w">(DLC)   00221276</subfield><subfield code="w">(OCoLC)9540564</subfield></datafield><datafield ind1=" " ind2="0" tag="830"><subfield code="a">ATLA serials preservation program ;</subfield><subfield code="v">ATLA film S0088D.</subfield></datafield><datafield ind1="1" ind2=" " tag="029"><subfield code="a">AU@</subfield><subfield code="b">000021431565</subfield></datafield></record>